
% spell-checker: disable


% LEAN

@misc{avigad2024theorem,
  title = {Theorem Proving in Lean 4},
  author = {Avigad, Jeremy and De Moura, Leonardo and Kong, Soonho and Ullrich, Sebastian and contributors from the Lean Community},
  year = {2024},
  note = {Ver \url{https://leanprover.github.io/theorem_proving_in_lean4}. Última consulta: 23 de abril de 2025}
}

%To-do: show urls in references??


@article{avigad2021theorem,
  title = {Theorem proving in Lean},
  author = {Avigad, Jeremy and De Moura, Leonardo and Kong, Soonho},
  year = {2021},
  publisher = {Carnegie Mellon University},
  journal= {}
}

@misc{mathlib,
  author = {Lean Prover Community},
  title = {mathlib4: The Lean4 Mathematical Library},
  year = {},
  note = {Ver \url{https://github.com/leanprover-community/mathlib4}. Última consulta: 23 de abril de 2025}
}

@misc{bailey2024type,
   author = {Bailey, Christopher A. and contributors from the Lean Community},
   title = {Type Checking in Lean 4},
   year = {2024},
   howpublished = {},
   note = {Ver \url{https://ammkrn.github.io/type_checking_in_lean4}. Última consulta: 23 de abril de 2025}
}

% Curry-Howard
@book{sorensen2006lectures,
  title={Lectures on the Curry-Howard isomorphism},
  author={S{\o}rensen, Morten Heine and Urzyczyn, Pawel},
  volume={149},
  year={2006},
  note={Chapter 5. The Untyped Lambda Calculus},
  publisher={Elsevier}
}

% Cálculo de construcciones

@phdthesis{coquand1986calculus,
  title={The calculus of constructions},
  author={Coquand, Thierry and Huet, G{\'e}rard},
  year={1986},
  school={INRIA}
}


% Cálculo Lambda

@book{pierce2002types,
  title={Types and programming languages},
  author={Pierce, Benjamin C},
  year={2002},
  publisher={MIT press}}


% Tipos inductivos vs. tipos dependientes

@article{carneiro2019type,
  author = {Carneiro, Mario},
  journal = {},
  number = {},
  title = {The Type Theory of Lean},
  volume = {},
  year = {2019},
  note = {Section 5. Reduction of inductive types to W-types}
}

% Implementación de Lean en lean

@article{carneiro2024lean4lean,
  title={Lean4Lean: Towards a formalized metatheory for the Lean theorem prover},
  author={Carneiro, Mario},
  journal={arXiv e-prints},
  pages={arXiv--2403},
  year={2024}
}


% LeanSearch y Moogle

@misc{moogle,
  author = {Morph},
  title = {Moogle, a semantic search engine for Mathlib, the Lean mathematical library},
  year = {2023},
  note = {Ver \url{https://www.moogle.ai/}. Última consulta: 24 de mayo de 2025}
}


@article{gao2024semantic,
  title={A semantic search engine for Mathlib4},
  author={Gao, Guoxiong and Ju, Haocheng and Jiang, Jiedong and Qin, Zihan and Dong, Bin},
  journal={arXiv preprint arXiv:2403.13310},
  year={2024},
  note = {Ver \url{https://leansearch.net/}. Última consulta: 24 de mayo de 2025}
}

% TOPOLOGÍA

@manual{giraldo2024,
  author    = {Luis Giraldo},
  title     = {Topología elemental},
  organization = {Facultad de Matemáticas, UCM},
  year      = {2024},
  note      = {Apuntes de la asignatura Topología Elemental, curso 2023/24},
}

@book{willard2012general,
  title={General topology},
  author={Willard, Stephen},
  year={2012},
  publisher={Courier Corporation}
}
